@book{buesing2010graphen,
  title={Graphen- und Netzwerkoptimierung},
  author={B{\"u}sing, C.},
  isbn={9783827424235},
  url={https://books.google.de/books?id=ESspBAAAQBAJ},
  year={2010},
  publisher={Spektrum Akademischer Verlag}
}

@book{hoever2020h√∂here,
  title={H{\"o}here Mathematik kompakt: mit Erkl{\"a}rvideos und interaktiven Visualisierungen},
  author={Hoever, G.},
  isbn={9783662620793},
  url={https://books.google.de/books?id=AEKXzQEACAAJ},
  year={2020},
  publisher={Springer Berlin Heidelberg}
}

@book{
https://ac.informatik.uni-freiburg.de/lak_teaching/ss_08/homework/04_06_08_Negative_Zyklen.pdf
}

@online{sspa,
  author  = {Jakob Kogler},
  title   = {Minimum-cost flow - Successive shortest path algorithm},
  date    = {2022-01-16},
  url     = {https://cp-algorithms.com/graph/min_cost_flow.html},
  urldate = {2022-05-22},
}